% Encoding: UTF-8

@Article{1,
  author  = {M. Ghesmoune, M. Lebbah, and H. Azzag},
  title   = {State-of-the-art on clustering data streams},
  journal = {Big Data Analytics},
  year    = {2016},
  volume  = {1},
  number  = {1},
}

@Article{2,
  author  = {A. Hussain and A. Roy},
  title   = {The emerging era of Big Data Analytics},
  journal = {Big Data Analytics},
  year    = {2016},
  volume  = {1},
  number  = {1},
}

@Book{3,
  title     = {Predictive analytics: the power to predict who will click, buy, lie, or die},
  publisher = {Wiley; 1 edition},
  year      = {2013},
  author    = {Eric Siegel},
  editor    = {Thomas H. Davenport},
  volume    = {51},
  number    = {1},
}

@Article{4,
  author  = {Ban G-Y},
  title   = {Business analytics in the age of big data},
  journal = {Business Strategy Review},
  year    = {2014},
  volume  = {25},
  number  = {3},
  pages   = {8-9},
}

@Article{5,
  author  = {J. Aloysius, H. Hoehle, S. Goodarzi and V. Venkatesh},
  title   = {Big data initiatives in retail environments: Linking service process perceptions to shopping outcomes},
  journal = {Annals of Operations Research},
  year    = {2016},
}

